<?xml version="1.0" encoding="UTF-8"?><collection xmlns="http://www.loc.gov/MARC21/slim"><record><leader>00605nam--2200193-i-4500</leader><controlfield tag="001">000013679</controlfield><controlfield tag="002">20161230</controlfield><controlfield tag="005">20161230201030</controlfield><controlfield tag="008">060222s1000------------r-----000-0-eng-d</controlfield><datafield ind1=" " ind2=" " tag="040"><subfield code="a">IFIN-HH</subfield></datafield><datafield ind1=" " ind2=" " tag="080"><subfield code="a">531.51:524.85(061.3)</subfield></datafield><datafield ind1="1" ind2=" " tag="100"><subfield code="a">Bergmann, Peter G</subfield></datafield><datafield ind1="1" ind2="0" tag="245"><subfield code="a">Cosmology and gravitation. spin, torsion, rota tion and supergravity</subfield><subfield code="c">Peter g. bergmann, venzo de sabbata (eds.)</subfield></datafield><datafield ind1=" " ind2=" " tag="260"><subfield code="a">New York</subfield><subfield code="b">Plenum Press</subfield><subfield code="c">1980</subfield></datafield><datafield ind1=" " ind2=" " tag="300"><subfield code="a">IX + 510 P</subfield></datafield><datafield ind1=" " ind2=" " tag="490"><subfield code="a">Nato Advanced Study Institutes Series, 58</subfield></datafield><datafield ind1="1" ind2=" " tag="700"><subfield code="a">Venzo, De Sabbata</subfield><subfield code="e">Ed</subfield></datafield><datafield ind1=" " ind2=" " tag="852"><subfield code="a">42270</subfield><subfield code="c">53</subfield></datafield><datafield ind1=" " ind2=" " tag="CAT"><subfield code="a">Sys</subfield><subfield code="c">20150320</subfield><subfield code="h">082230</subfield></datafield></record></collection>